<?xml version="1.0" encoding="UTF-8"?><collection xmlns="http://www.loc.gov/MARC21/slim"><record><leader>00429nam--2200145-i-4500</leader><controlfield tag="001">000033006</controlfield><controlfield tag="002">20161230</controlfield><controlfield tag="005">20170106175442</controlfield><controlfield tag="008">060222s1000------------r-----000-0-eng-d</controlfield><datafield ind1=" " ind2=" " tag="100"><subfield code="a">Medveczky, L©Łszl©đ</subfield></datafield><datafield ind1=" " ind2=" " tag="245"><subfield code="a">©j atommagfizikai emulzi©đ (Forte P/22) el¿©Łll©Ưt©Łsa ©♭s tulajdons©Łgai</subfield></datafield><datafield ind1=" " ind2=" " tag="260"><subfield code="a">Budapest</subfield><subfield code="b">Magyar Tudom©Łnyos Akad©♭mia</subfield><subfield code="c">1956</subfield></datafield><datafield ind1=" " ind2=" " tag="300"><subfield code="a">7 p</subfield></datafield><datafield ind1=" " ind2=" " tag="700"><subfield code="a">Polster, Alfr©♭d</subfield></datafield><datafield ind1=" " ind2=" " tag="CAT"><subfield code="a">SYS</subfield><subfield code="c">20170106</subfield><subfield code="h">175442</subfield></datafield></record></collection>